<record><leader>00000cas a22000007a 4500</leader><controlfield tag="001">35670652</controlfield><controlfield tag="008">961002d18931937sdudr nea     0   a0eng d</controlfield><datafield ind1=" " ind2=" " tag="010"><subfield code="a">sn 99062032 </subfield></datafield><datafield ind1=" " ind2=" " tag="040"><subfield code="a">DST</subfield><subfield code="b">eng</subfield><subfield code="c">DST</subfield><subfield code="d">SXN</subfield><subfield code="d">OCL</subfield><subfield code="d">SXN</subfield><subfield code="d">OCLCQ</subfield><subfield code="d">OCLCF</subfield><subfield code="d">OCLCO</subfield><subfield code="d">OCLCQ</subfield></datafield><datafield ind1=" " ind2=" " tag="042"><subfield code="a">msc</subfield></datafield><datafield ind1=" " ind2=" " tag="043"><subfield code="a">n-us-sd</subfield></datafield><datafield ind1="0" ind2=" " tag="130"><subfield code="a">Madison daily sentinel (Madison, S.D. : Daily)</subfield></datafield><datafield ind1="1" ind2="4" tag="245"><subfield code="a">The Madison daily sentinel.</subfield></datafield><datafield ind1=" " ind2=" " tag="260"><subfield code="a">Madison, Lake County, Dakota Territory [S.D.] :</subfield><subfield code="b">W.H. Jones</subfield></datafield><datafield ind1=" " ind2=" " tag="300"><subfield code="a">volumes</subfield></datafield><datafield ind1=" " ind2=" " tag="310"><subfield code="a">Daily</subfield></datafield><datafield ind1=" " ind2=" " tag="336"><subfield code="a">text</subfield><subfield code="b">txt</subfield><subfield code="2">rdacontent</subfield></datafield><datafield ind1=" " ind2=" " tag="337"><subfield code="a">microform</subfield><subfield code="b">h</subfield><subfield code="2">rdamedia</subfield></datafield><datafield ind1="1" ind2=" " tag="362"><subfield code="a">Began Aug. 31, 1893.</subfield></datafield><datafield ind1="0" ind2=" " tag="362"><subfield code="a">-v. 57, no. 281(Aug. 3, 1937).</subfield></datafield><datafield ind1=" " ind2=" " tag="530"><subfield code="a">Available on microfilm from: State Archies, South Dakota State Historical Society.</subfield></datafield><datafield ind1=" " ind2=" " tag="580"><subfield code="a">Merged with: Winfred dispatch, to form: Madison daily sentinel and Winfred dispatch (Madison, S.D. : Daily).</subfield></datafield><datafield ind1=" " ind2=" " tag="588"><subfield code="a">Description based on: Apr. 14, 1904.</subfield></datafield><datafield ind1=" " ind2="0" tag="651"><subfield code="a">Madison (S.D.)</subfield><subfield code="v">Newspapers.</subfield></datafield><datafield ind1=" " ind2="0" tag="651"><subfield code="a">Lake County (S.D.)</subfield><subfield code="v">Newspapers.</subfield></datafield><datafield ind1=" " ind2="7" tag="651"><subfield code="a">South Dakota</subfield><subfield code="z">Lake County.</subfield><subfield code="2">fast</subfield><subfield code="0">(OCoLC)fst01215598</subfield></datafield><datafield ind1=" " ind2="7" tag="651"><subfield code="a">South Dakota</subfield><subfield code="z">Madison.</subfield><subfield code="2">fast</subfield><subfield code="0">(OCoLC)fst01228905</subfield></datafield><datafield ind1=" " ind2="7" tag="655"><subfield code="a">Newspapers.</subfield><subfield code="2">fast</subfield><subfield code="0">(OCoLC)fst01423814</subfield></datafield><datafield ind1=" " ind2=" " tag="752"><subfield code="a">United States</subfield><subfield code="b">South Dakota</subfield><subfield code="c">Lake</subfield><subfield code="d">Madison.</subfield></datafield><datafield ind1="0" ind2=" " tag="775"><subfield code="t">Madison weekly sentinel</subfield><subfield code="w">(DLC)sn 99062031</subfield></datafield><datafield ind1="0" ind2=" " tag="775"><subfield code="t">Madison daily sentinel (Madison, S.D.: Rural)</subfield><subfield code="w">(DLC)sn 99062033</subfield></datafield><datafield ind1="0" ind2="0" tag="780"><subfield code="t">Madison sentinel</subfield><subfield code="w">(DLC)sn 83025447</subfield></datafield><datafield ind1="1" ind2="7" tag="785"><subfield code="t">Winfred dispatch</subfield><subfield code="w">(DLC)sn2001063181</subfield></datafield><datafield ind1="1" ind2="7" tag="785"><subfield code="t">Madison daily sentinel and Winfred dispatch (Madison, S.D. : daily)</subfield><subfield code="w">(DLC)sn2001063182</subfield></datafield><datafield ind1="1" ind2=" " tag="029"><subfield code="a">AU@</subfield><subfield code="b">000021267374</subfield></datafield></record>